% original bibliography, ignore
% setup
@article{ref_article1,
    author = "Author, F.",
    title = "Article title",
    journal = "Journal",
    volume = "2",
    issue = "5",
    pages = "99--110",
    year = "2016"}

@inproceedings{ref_lncs1,
    author = "Author, F. and Author, S.",
    title = "Title of a proceedings paper",
    booktitle = "Journal",
    volume = "2",
    pages = "1--13",
    year = "2016",
    publisher = "Springer",
    address = "Heidelberg",
    doi = "10.10007/1234567890"
    }

@online{ref_url1,
    title = "LNCS Homepage",
    url = "http://www.springer.com/lncs",
    date = "4 Oct 2017"
} 

@misc{springer_nature_2022, 
title={Conference proceedings guidelines: Springer}, 
url={https://www.springer.com/gp/computer-science/lncs/conference-proceedings-guidelines}, 
journal={www.springer.com},
author={Springer}, 
year={2022}} 

% sources from before May 9
@inproceedings{rozemberczki2021pytorch,
               author = {Benedek Rozemberczki and Paul Scherer and Yixuan He and George Panagopoulos and Alexander Riedel and Maria Astefanoaei and Oliver Kiss and Ferenc Beres and Guzman Lopez and Nicolas Collignon and Rik Sarkar},
               title = {{PyTorch Geometric Temporal: Spatiotemporal Signal Processing with Neural Machine Learning Models}},
               year = {2021},
               booktitle={Proceedings of the 30th ACM International Conference on Information and Knowledge Management},
               pages = {4564–4573},
}

@INPROCEEDINGS{egcn,
  AUTHOR = {Aldo Pareja and Giacomo Domeniconi and Jie Chen and Tengfei Ma and Toyotaro Suzumura and Hiroki Kanezashi and Tim Kaler and Tao B. Schardl and Charles E. Leiserson},
  TITLE = {{EvolveGCN}: Evolving Graph Convolutional Networks for Dynamic Graphs},
  BOOKTITLE = {Proceedings of the Thirty-Fourth AAAI Conference on Artificial Intelligence},
  YEAR = {2020},
}

@article{explainable_AI,
    title = "An Explainable AI Library for Benchmarking Graph Explainers",
    author={Chirag Agarwal, Adobe Owen Queen, Knoxville Himabindu, Marinka Zitnik}
    url = "https://graph-learning-benchmarks.github.io/assets/papers/glb2022/An_Explainable_AI_Library_for_Benchmarking_Graph_Explainers.pdf",
    year = "2022"
} 

@article{graphframex,
    title={GraphFramEx: Towards Systematic Evaluation of Explainability Methods for Graph Neural Networks},
    author={Amara, Kenza and Ying, Rex and Zhang, Zitao and
    Han, Zhihao and Shan, Yinan and Brandes, Ulrik and Schemm, Sebastian and Zhang, Ce},
    journal={arXiv preprint arXiv:2206.09677},
    year={2022}
}

@article{trustworthy GNN,
    title = "A Comprehensive Survey on Trustworthy Graph Neural Networks: Privacy, Robustness, Fairness, and Explainability",
    author={Enyan Dai, Tianxiang Zhao, Huaisheng Zhu, Junjie Xu, Zhimeng Guo, Hui Liu, Jiliang Tang, Suhang Wang}
    url = "https://arxiv.org/abs/2204.08570",
    year = "2022"
} 

@article{expl survey,
    title = "Explainability in Graph Neural Networks: An Experimental Survey",
    author={Peibo Li, Yixing Yang, Maurice Pagnucco, Yang Song}
    url = "https://arxiv.org/abs/2203.09258",
    year = "2022"
} 

@article{xfraud,
  title={xFraud: Explainable Fraud Transaction Detection},
  author={Rao, Susie Xi and Zhang, Shuai and Han, Zhichao and Zhang, Zitao and Min, Wei and Chen, Zhiyao and Shan, Yinan and Zhao, Yang and Zhang, Ce},
  journal={VLDB},
  volumn={15},
  Issue={3},
  year={2022}, 
  howpublished = {\url{https://github.com/eBay/xFraud}},
  doi = {10.14778/3494124.3494128},
}

@article{NGS,
    title = "Explainable Graph-based Fraud Detection via Neural Meta-graph Search",
    author={Zidi Qin, Yang Liu, Qing He, Xiang Ao}
    url = "https://ponderly.github.io/pub/NGS_CIKM2022.pdf",
    year = "2022"
} 


@article{RAP,
    title = "Relational Graph Neural Networks for Fraud Detection in a Super-App environment",
    author={Jaime D. Acevedo-Viloria, Luisa Roa, Soji Adeshina, Cesar Charalla Olazo, Andrés Rodríguez-Rey, Jose Alberto Ramos, Alejandro Correa-Bahnsen}
    url = "https://doi.org/10.48550/arXiv.2107.13673",
    year = "2021"
} 
@article{DEDGAT,
    title = "DEDGAT: Dual Embedding of Directed Graph Attention Networks for Detecting Financial Risk",
    author={Jiafu Wu, Mufeng Yao, Dong Wu, Mingmin Chi†, Baokun Wang†, Ruofan Wu, Xin Fu, Changhua Meng, Weiqiang Wang}
    url = "https://arxiv.org/pdf/2303.03933.pdf",
    year = "2023"
} 

@article{FraudMemo,
    title = "FraudMemory: Explainable Memory-Enhanced Sequential Neural Networks for Financial Fraud Detection",
    author={ Yang, Kunlin, Xu, Wei}
    url = "https://scholarspace.manoa.hawaii.edu/server/api/core/bitstreams/18749268-20e2-4ddc-9e2a-b4c2c2d0ce32/content",
    year = "2019"
} 

@article{addGraph,
    title = "AddGraph: Anomaly Detection in Dynamic Graph Using Attention-based Temporal GCN",
    author={ Li Zheng, Zhenpeng Li, Jian Li, Zhao Li and Jun Gao}
    url = "https://dl.acm.org/doi/abs/10.5555/3367471.3367656",
    year = "2019"
} 

@article{dynWatch, title={Dynamic graph-based anomaly detection in the electrical grid}, url={https://arxiv.org/abs/2012.15006}, journal={arXiv.org}, author={Li, Shimiao and Pandey, Amritanshu and Hooi, Bryan and Faloutsos, Christos and Pileggi, Larry}, year={2021} 

@article{expl_survey, title={Explainability in Graph Neural Networks: A taxonomic survey}, url={https://arxiv.org/abs/2012.15445}, journal={arXiv.org}, author={Yuan, Hao and Yu, Haiyang and Gui, Shurui and Ji, Shuiwang}, year={2022}}} 

@misc{TSAD, title={Two-stage anomaly detection algorithm via dynamic community evolution in temporal graph - applied intelligence}, url={https://link.springer.com/article/10.1007/s10489-021-03109-4}, journal={SpringerLink}, publisher={Springer US}, author={Jiang, Yan and Liu, Guannan}, year={2022}, month={Feb}} 

@article{Lundberg_Lee_2017, title={A unified approach to interpreting model predictions}, url={https://arxiv.org/abs/1705.07874}, journal={arXiv.org}, author={Lundberg, Scott and Lee, Su-In}, year={2017}, month={Nov}} 


@misc{BrainNetX,
	title = {Explainable {fMRI}-based Brain Decoding via Spatial Temporal-pyramid Graph Convolutional Network},
	url = {http://arxiv.org/abs/2210.05713},
	doi = {10.48550/arXiv.2210.05713},
	number = {{arXiv}:2210.05713},
	publisher = {{arXiv}},
	author = {Ye, Ziyuan and Qu, Youzhi and Liang, Zhichao and Wang, Mo and Liu, Quanying},
	urldate = {2023-05-09},
	date = {2022-10-08},
	eprinttype = {arxiv},
	eprint = {2210.05713 [cs, eess, q-bio]},
	keywords = {Computer Science - Neural and Evolutionary Computing, Electrical Engineering and Systems Science - Signal Processing, Quantitative Biology - Neurons and Cognition},
}

@misc{PGM,
	title = {An Explainer for Temporal Graph Neural Networks},
	url = {http://arxiv.org/abs/2209.00807},
	doi = {10.48550/arXiv.2209.00807},
	number = {{arXiv}:2209.00807},
	publisher = {{arXiv}},
	author = {He, Wenchong and Vu, Minh N. and Jiang, Zhe and Thai, My T.},
	urldate = {2023-05-09},
	date = {2022-09-02},
	eprinttype = {arxiv},
	eprint = {2209.00807 [cs]},
	keywords = {Computer Science - Machine Learning},
	file = {arXiv Fulltext PDF:files/37/He et al. - 2022 - An Explainer for Temporal Graph Neural Networks.pdf:application/pdf;arXiv.org Snapshot:files/41/2209.html:text/html},
}

@misc{DGExpl,
	title = {Explaining Dynamic Graph Neural Networks via Relevance Back-propagation},
	url = {http://arxiv.org/abs/2207.11175},
	doi = {10.48550/arXiv.2207.11175},
	number = {{arXiv}:2207.11175},
	publisher = {{arXiv}},
	author = {Xie, Jiaxuan and Liu, Yezi and Shen, Yanning},
	urldate = {2023-05-09},
	date = {2022-07-22},
	eprinttype = {arxiv},
	eprint = {2207.11175 [cs]},
	keywords = {Computer Science - Machine Learning},
	file = {arXiv Fulltext PDF:files/45/Xie et al. - 2022 - Explaining Dynamic Graph Neural Networks via Relev.pdf:application/pdf},
}

@misc{XHGP,
	title = {Towards Explainable Motion Prediction using Heterogeneous Graph Representations},
	url = {http://arxiv.org/abs/2212.03806},
	doi = {10.48550/arXiv.2212.03806},
	number = {{arXiv}:2212.03806},
	publisher = {{arXiv}},
	author = {Limeros, Sandra Carrasco and Majchrowska, Sylwia and Johnander, Joakim and Petersson, Christoffer and Llorca, David Fernández},
	urldate = {2023-05-09},
	date = {2022-12-07},
	eprinttype = {arxiv},
	eprint = {2212.03806 [cs]},
	keywords = {Computer Science - Artificial Intelligence, Computer Science - Robotics},
	file = {arXiv Fulltext PDF:files/43/Limeros et al. - 2022 - Towards Explainable Motion Prediction using Hetero.pdf:application/pdf;arXiv.org Snapshot:files/44/2212.html:text/html},
}

@article{fraudMemory,
	title = {{FraudMemory}: Explainable Memory-Enhanced Sequential Neural Networks for Financial Fraud Detection},
	author = {Yang, Kunlin and Xu, Wei},
	langid = {english},
	file = {Yang and Xu - FraudMemory Explainable Memory-Enhanced Sequentia.pdf:files/40/Yang and Xu - FraudMemory Explainable Memory-Enhanced Sequentia.pdf:application/pdf},
}

@misc{gcn-se,
	title = {{GCN}-{SE}: Attention as Explainability for Node Classification in Dynamic Graphs},
	url = {http://arxiv.org/abs/2110.05598},
	doi = {10.48550/arXiv.2110.05598},
	shorttitle = {{GCN}-{SE}},
	number = {{arXiv}:2110.05598},
	publisher = {{arXiv}},
	author = {Fan, Yucai and Yao, Yuhang and Joe-Wong, Carlee},
	urldate = {2023-05-09},
	date = {2021-10-11},
	eprinttype = {arxiv},
	eprint = {2110.05598 [cs]},
	keywords = {Computer Science - Machine Learning, Computer Science - Social and Information Networks},
	file = {arXiv Fulltext PDF:files/53/Fan et al. - 2021 - GCN-SE Attention as Explainability for Node Class.pdf:application/pdf;arXiv.org Snapshot:files/55/2110.html:text/html},
}

@misc{cluster,
	title = {Interpretable Clustering on Dynamic Graphs with Recurrent Graph Neural Networks},
	url = {http://arxiv.org/abs/2012.08740},
	doi = {10.48550/arXiv.2012.08740},
	number = {{arXiv}:2012.08740},
	publisher = {{arXiv}},
	author = {Yao, Yuhang and Joe-Wong, Carlee},
	urldate = {2023-05-09},
	date = {2021-06-22},
	eprinttype = {arxiv},
	eprint = {2012.08740 [cs]},
	keywords = {Computer Science - Machine Learning, Computer Science - Social and Information Networks},
	file = {arXiv Fulltext PDF:files/54/Yao and Joe-Wong - 2021 - Interpretable Clustering on Dynamic Graphs with Re.pdf:application/pdf;arXiv.org Snapshot:files/56/2012.html:text/html},
}

@misc{kim_graph_2022,
	title = {Graph Anomaly Detection with Graph Neural Networks: Current Status and Challenges},
	url = {http://arxiv.org/abs/2209.14930},
	shorttitle = {Graph Anomaly Detection with Graph Neural Networks},
	number = {{arXiv}:2209.14930},
	publisher = {{arXiv}},
	author = {Kim, Hwan and Lee, Byung Suk and Shin, Won-Yong and Lim, Sungsu},
	urldate = {2023-05-09},
	date = {2022-10-04},
	langid = {english},
	eprinttype = {arxiv},
	eprint = {2209.14930 [cs]},
	keywords = {Computer Science - Artificial Intelligence, Computer Science - Machine Learning, Computer Science - Social and Information Networks},
	file = {Kim et al. - 2022 - Graph Anomaly Detection with Graph Neural Networks.pdf:files/57/Kim et al. - 2022 - Graph Anomaly Detection with Graph Neural Networks.pdf:application/pdf},
}

@article{lindemann_survey_2021,
	title = {A survey on anomaly detection for technical systems using {LSTM} networks},
	volume = {131},
	issn = {0166-3615},
	url = {https://www.sciencedirect.com/science/article/pii/S0166361521001056},
	doi = {10.1016/j.compind.2021.103498},
	pages = {103498},
	journaltitle = {Computers in Industry},
	shortjournal = {Computers in Industry},
	author = {Lindemann, Benjamin and Maschler, Benjamin and Sahlab, Nada and Weyrich, Michael},
	urldate = {2023-05-09},
	date = {2021-10-01},
	langid = {english},
	keywords = {Anomaly detection, Artificial intelligence, Autoencoder, Context modeling, Long short-term memory, Transfer learning},
	file = {ScienceDirect Full Text PDF:files/61/Lindemann et al. - 2021 - A survey on anomaly detection for technical system.pdf:application/pdf;ScienceDirect Snapshot:files/62/S0166361521001056.html:text/html},
}